<?xml version="1.0" encoding="UTF-8"?><collection xmlns="http://www.loc.gov/MARC21/slim"><record><leader>00405nam--2200157-i-4500</leader><controlfield tag="001">000006617</controlfield><controlfield tag="002">20161230</controlfield><controlfield tag="005">20170107140032</controlfield><controlfield tag="008">060222s1000------------r-----000-0-eng-d</controlfield><datafield ind1=" " ind2=" " tag="100"><subfield code="a">Benedikt, Otto</subfield></datafield><datafield ind1="0" ind2="4" tag="245"><subfield code="a">The autodyne</subfield><subfield code="b">A new electrical machine</subfield></datafield><datafield ind1=" " ind2=" " tag="250"><subfield code="a">second revised edition</subfield></datafield><datafield ind1=" " ind2=" " tag="260"><subfield code="a">Budapest</subfield><subfield code="b">Akad©♭miai Kiad©đ</subfield><subfield code="c">1960</subfield></datafield><datafield ind1=" " ind2=" " tag="300"><subfield code="a">193 p</subfield></datafield><datafield ind1=" " ind2=" " tag="852"><subfield code="a">9366</subfield></datafield><datafield ind1=" " ind2=" " tag="CAT"><subfield code="a">SYS</subfield><subfield code="c">20170107</subfield><subfield code="h">140032</subfield></datafield></record></collection>